@article{assel2019guidelines,
  title={Guidelines for Reporting of Statistics for Clinical Research in Urology},
  author={Assel, Melissa and Sjoberg, Daniel and Elders, Andrew and Wang, Xuemei and Huo, Dezheng and Botchway, Albert and Delfino, Kristin and Fan, Yunhua and Zhao, Zhiguo and Koyama, Tatsuki and others},
  journal={European urology},
  volume={75},
  number={3},
  pages={358},
  year={2019},
  publisher={NIH Public Access}
}
